% Encoding: UTF-8


@Article{Abeler2011,
  Title                    = {{Reference Points and Effort Provision}},
  Author                   = {Abeler, Johannes and Goette, Lorenz and Huffman, David},
  Journal                  = {American Economic Review},
  Year                     = {2011},
  Number                   = {2},
  Pages                    = {470--492},
  Volume                   = {101}
}

@Article{Acland2015,
  Title                    = {{Naivete, Projection Bias, and Habit Formation in Gym Attendance}},
  Author                   = {Acland, Dan and Levy, Matthew R.},
  Journal                  = {Management Science},
  Year                     = {2015},
  Number                   = {1},
  Pages                    = {146--160},
  Volume                   = {61}
}

@Article{Akerlof1991,
  Title                    = {{Procrastination and Obedience}},
  Author                   = {Akerlof, George A.},
  Journal                  = {American Economic Review, Papers and Proceedings},
  Year                     = {1991},
  Number                   = {2},
  Pages                    = {1--19},
  Volume                   = {81}
}

@Article{akerlofkranton,
  Title                    = {Economics and identity},
  Author                   = {Akerlof, George A and Kranton, Rachel E},
  Journal                  = {Quarterly journal of Economics},
  Year                     = {2000},
  Pages                    = {715--753},

  Publisher                = {JSTOR}
}

@Article{Ali2011,
  Title                    = {{Learning Self-Control}},
  Author                   = {Ali, S. Nageeb},
  Journal                  = {Quarterly Journal of Economics},
  Year                     = {2011},
  Pages                    = {857--893},
  Volume                   = {126}
}

@TechReport{allcott2013lightbulb,
  Title                    = {The lightbulb paradox: Evidence from two randomized experiments},
  Author                   = {Allcott, Hunt and Taubinsky, Dmitry},
  Institution              = {National Bureau of Economic Research},
  Year                     = {2013}
}

@Article{Allen2014,
  Title                    = {{Reference-Dependent Preferences: Evidence from Marathon Runners}},
  Author                   = {Allen, Eric and Dechow, Patricia and Pope, Devin and Wu, George},
  Journal                  = {mimeo},
  Year                     = {2014}
}

@TechReport{almlund2011personality,
  Title                    = {Personality psychology and economics},
  Author                   = {Almlund, Mathilde and Duckworth, Angela Lee and Heckman, James J and Kautz, Tim D},
  Institution              = {National Bureau of Economic Research},
  Year                     = {2011}
}

@Article{Amador2006,
  Title                    = {{Commitment vs. Flexibility}},
  Author                   = {Amador, Manuel and Werning, Ivan and Angeletos, George-Marios},
  Journal                  = {Econometrica},
  Year                     = {2006},
  Number                   = {2},
  Pages                    = {365--396},
  Volume                   = {74}
}

@Article{andersen2008,
  Title                    = {Eliciting risk and time preferences},
  Author                   = {Andersen, Steffen and Harrison, Glenn W and Lau, Morten I and Rutstr{\"o}m, E Elisabet},
  Journal                  = {Econometrica},
  Year                     = {2008},
  Number                   = {3},
  Pages                    = {583--618},
  Volume                   = {76},

  Publisher                = {Wiley Online Library}
}

@Article{andreoni2009social,
  Title                    = {Social image and the 50--50 norm: A theoretical and experimental analysis of audience effects},
  Author                   = {Andreoni, James and Bernheim, B Douglas},
  Journal                  = {Econometrica},
  Year                     = {2009},
  Number                   = {5},
  Pages                    = {1607--1636},
  Volume                   = {77},

  Publisher                = {Wiley Online Library}
}

@Article{Andreoni,
  Title                    = {{Using Preference Estimates to Customize Incentives: An Application to Polio Vaccination Drives in Pakistan}},
  Author                   = {Andreoni, James and {Callen, Michael, Jaffar}, Karrar and Khan, Muhammad Yasir and Sprenger, Charles},
  Year                     = {2015},

  Date-modified            = {2015-10-13 15:52:37 +0000}
}

@Article{Andreoni2012,
  Title                    = {{Estimating Time Prefernces from Convex Budgets}},
  Author                   = {Andreoni, James and Sprenger, Charles},
  Journal                  = {American Economic Review},
  Year                     = {2012},
  Number                   = {7},
  Pages                    = {3333--3356},
  Volume                   = {102}
}

@Article{andreoni2012b,
  Title                    = {Risk preferences are not time preferences},
  Author                   = {Andreoni, James and Sprenger, Charles},
  Journal                  = {The American Economic Review},
  Year                     = {2012},
  Number                   = {7},
  Pages                    = {3357--3376},
  Volume                   = {102},

  Publisher                = {American Economic Association}
}

@Article{Angeletos2001,
  Title                    = {{The Hyperbolic Consumption Model: Calibration, Simulation, and Empirical Evaluation}},
  Author                   = {Angeletos, George-Marios and Laibson, David and Repetto, Andrea and Tobacman, Jeremy and Weinberg, Stephen},
  Journal                  = {Journal of Economic Perspectives},
  Year                     = {2001},
  Number                   = {3},
  Pages                    = {47--68},
  Volume                   = {15}
}

@Article{ariely2009,
  Title                    = {Doing good or doing well? Image motivation and monetary incentives in behaving prosocially},
  Author                   = {Ariely, Dan and Bracha, Anat and Meier, Stephan},
  Journal                  = {The American economic review},
  Year                     = {2009},
  Number                   = {1},
  Pages                    = {544--555},
  Volume                   = {99},

  Publisher                = {JSTOR}
}

@Article{Ariely2002,
  Title                    = {{Procrastination, Deadlines, and Performance: Self-Control by Precommitment}},
  Author                   = {Ariely, Dan and Wertenbroch, Klaus},
  Journal                  = {Psychological Science},
  Year                     = {2002},
  Number                   = {3},
  Pages                    = {219--224},
  Volume                   = {13}
}

@Article{Arnetz1991,
  Title                    = {Neuroendocrine and Immunologic Effects of Unemployment and Job Security},
  Author                   = {Arnetz, B.B. and Brenner, S.O. and Hjelm, R. and Patterson, I.L. and Wasserman, J. and Petrini, B. and Eneroth, P. and Kallner, A. and Kretnansky, R. and Vigas, M.},
  Journal                  = {Psychotherapy and Psychosomatics},
  Year                     = {1991},
  Number                   = {2-4},
  Pages                    = {76--80},
  Volume                   = {55}
}

@Article{Asch1940,
  Title                    = {{Studies in the Principles of Judgments and Attitudes: II. Determination of Judgments by Group and by Ego Standards}},
  Author                   = {Asch, S.E.},
  Journal                  = {Journal of Social Psychology, S.P.S.S.I. Bulletin},
  Year                     = {1940},
  Pages                    = {433--465},
  Volume                   = {12}
}

@Article{ashraf2014no,
  Title                    = {No margin, no mission? A field experiment on incentives for public service delivery},
  Author                   = {Ashraf, Nava and Bandiera, Oriana and Jack, B Kelsey},
  Journal                  = {Journal of Public Economics},
  Year                     = {2014},
  Pages                    = {1--17},
  Volume                   = {120},

  Publisher                = {Elsevier}
}

@Article{Ashraf2006,
  Title                    = {{Tying Odysseus to the Mast: evidence from a Commitment Savings Product in the Philippines}},
  Author                   = {Ashraf, Nava and Karlan, Dean and Yin, Wesley},
  Journal                  = {Quarterly Journal of Economics},
  Year                     = {2006},
  Number                   = {2},
  Pages                    = {635--672},
  Volume                   = {121}
}

@Article{Augenblick2015,
  Title                    = {{Working Over Time: Inconsistency in Real Effort Tasks}},
  Author                   = {Augenblick, Ned and Niederle, Muriel and Sprenger, Charles},
  Journal                  = {Quarterly Journal of Economics},
  Year                     = {2015},
  Number                   = {3},
  Pages                    = {1067--1115},
  Volume                   = {130}
}

@Article{Augenblick2015b,
  author  = {Augenblick, Ned and Rabin, Matthew},
  journal = {mimeo},
  title   = {An Experiment on Time Preference and Misprediction in Unpleasant Tasks},
  year    = {2018},
}

@Article{benabou2002self,
  Title                    = {Self-Confidence and Personal Motivation*},
  Author                   = {B{\'e}nabou, Roland and Tirole, Jean},
  Journal                  = {The Quarterly journal of economics},
  Year                     = {2002},
  Number                   = {3},
  Pages                    = {871--915},
  Volume                   = {117},

  Publisher                = {Oxford University Press}
}

@Article{Badger2007,
  Title                    = {{Altered States: The Impact of Immediate Craving on the Valuation of Current and Future Opioids}},
  Author                   = {Badger, Gary and Bickel, Warren K. and Giordano, Louis A. and Jacobs, Eric A. and Loewenstein, George and Marsch, Lisa},
  Journal                  = {Journal of Health Economics},
  Year                     = {2007},
  Pages                    = {865--876},
  Volume                   = {26}
}

@TechReport{baicker2012,
  Title                    = {Behavioral hazard in health insurance},
  Author                   = {Baicker, Katherine and Mullainathan, Sendhil and Schwartzstein, Joshua},
  Institution              = {National Bureau of Economic Research},
  Year                     = {2012}
}

@Article{Baird2013,
  Title                    = {Income shocks and Adolescent Mental Health},
  Author                   = {Baird, Sarah and de Hoop, Jacobus and Ozler, Berk},
  Journal                  = {Journal of Human Resources},
  Year                     = {2013},
  Pages                    = {370--403},
  Volume                   = {48}
}

@Article{Banerjee2015,
  Title                    = {{A Multi-faceted Program Causes Lasting Progress for the Very Poor: Evidence from Six Countries}},
  Author                   = {Banerjee, Abhijit and Goldberg, Nathanael and Karlan, Dean and {Osei, Robert, Pariente}, William and Shapiro, Jeremy and Thuysbaert, Bram and Udry, Christopher},
  Journal                  = {Science},
  Year                     = {2015},
  Number                   = {6236},
  Pages                    = {772--788},
  Volume                   = {348}
}

@Article{Banerjee2010,
  Title                    = {{The Shape of Temptation: Implications for the Economic Lives of the Poor}},
  Author                   = {Banerjee, Abhijit and Mullainathan, Sendhil},
  Journal                  = {NBER Working Paper 15973},
  Year                     = {2010}
}

@Article{Barberis2006,
  Title                    = {{Individual Preferences, Monetary Gambles, and Stock Market Participation: A Case for Narrow Framing}},
  Author                   = {Barberis, Nicholas and Huang, Ming and Thaler, Richard H.},
  Journal                  = {{American Economic Review}},
  Year                     = {2006},
  Number                   = {4},
  Pages                    = {1069--1090},
  Volume                   = {96}
}

@Article{Barberis2009,
  Title                    = {{What Drives the Disposition Effect? An Analysis of a Long-Standing Preference-Based Explanation}},
  Author                   = {Barberis, Nicholas and Wei Xiong},
  Journal                  = {{Journal of Finance}},
  Year                     = {2009},
  Number                   = {2},
  Pages                    = {751--784},
  Volume                   = {64}
}

@Article{Barnes2011,
  Title                    = {{Lack of Sleep and Unethical Conduct}},
  Author                   = {Barnes, Christopher M. and Schaubroeck, John and Huth, Megan and Ghumman, Sonia},
  Journal                  = {Organizational Behavior and Human Decision Processes},
  Year                     = {2011},
  Pages                    = {169--180},
  Volume                   = {115}
}

@Article{Barseghyan2013,
  Title                    = {{The Nature of Risk Preferences: Evidence from Insurance Choices}},
  Author                   = {Barseghyan, Levon and Molinari, Francesca and O'Donoghue, Ted and Teitelbaum, Joshua C.},
  Journal                  = {American Economic Review},
  Year                     = {2013},
  Pages                    = {2499--2529},
  Volume                   = {103},

  Issue                    = {6}
}

@Article{Becker1997,
  Title                    = {{The Endogenous Determination of Time Preference}},
  Author                   = {Becker, Gary and Mulligan, Casey},
  Journal                  = {Quarterly Journal of Economics},
  Year                     = {1997},
  Number                   = {3},
  Pages                    = {729--758},
  Volume                   = {112}
}

@Article{BeckerMulligan1997,
  Title                    = {{The Endogenous Determination of Time Preference}},
  Author                   = {Becker, Gary and Mulligan, Casey},
  Journal                  = {Quarterly Journal of Economics},
  Year                     = {1997},
  Number                   = {3},
  Pages                    = {729--758},
  Volume                   = {112}
}

@Article{benjamin2014can,
  Title                    = {Can marginal rates of substitution be inferred from happiness data? evidence from residency choices},
  Author                   = {Benjamin, Daniel J and Heffetz, Ori and Kimball, Miles S and Rees-Jones, Alex and others},
  Journal                  = {American Economic Review},
  Year                     = {2014},
  Number                   = {11},
  Pages                    = {3498--3528},
  Volume                   = {104},

  Publisher                = {American Economic Association}
}

@Article{benjamin2012choicehappiness,
  Title                    = {What do you think would make you happier? What do you think you would choose?},
  Author                   = {Benjamin, Daniel J and Heffetz, Ori and Kimball, Miles S and Rees-Jones, Alex and others},
  Journal                  = {American Economic Review},
  Year                     = {2012},
  Number                   = {5},
  Pages                    = {2083},
  Volume                   = {102}
}

@Article{berge,
  Title                    = {Measuring ethnic preferences: New experimental evidence},
  Author                   = {Berge, Lars Ivar Oppedal and Bjorvatn, Kjetil and Galle, Simon and Miguel, Edward and Posner, Daniel and Tungodden, Bertil and Zhang, Kelly},
  Year                     = {2015}
}

@Article{bergman2015,
  Title                    = {Parent-child information frictions and human capital investment: Evidence from a field experiment},
  Author                   = {Bergman, Peter},
  Year                     = {2015},

  Publisher                = {CESifo Working Paper Series}
}

@Article{Bernheim2004,
  Title                    = {{Addiction and Cue-Triggered Decision Processes}},
  Author                   = {Bernheim, B. Douglas and Rangel, Antonio},
  Journal                  = {American Economic Review},
  Year                     = {2004},
  Number                   = {5},
  Pages                    = {1558--1590},
  Volume                   = {94}
}

@Article{Bernheim2015,
  Title                    = {{Poverty and Self-control}},
  Author                   = {Bernheim, Douglas and Ray, Debraj and Yeltekin, Sergei},
  Journal                  = {Econometrica},
  Year                     = {2015},
  Volume                   = {forthcomin}
}

@Article{bertrand2010,
  Title                    = {What's Advertising Content Worth? Evidence from a Consumer Credit Marketing Field Experiment*},
  Author                   = {Bertrand, Marianne and Karlan, Dean and Mullainathan, Sendhil and Shafir, Eldar and Zinman, Jonathan},
  Journal                  = {The Quarterly journal of economics},
  Year                     = {2010},
  Number                   = {1},
  Pages                    = {263--306},
  Volume                   = {125},

  Publisher                = {Oxford University Press}
}







@Article{Beshears2014,
  Title                    = {{Optimal Illiquidity}},
  Author                   = {Beshears, John and Choi, James and Clayton, Christopher and Harris, Christopher and Laibson, David and Madrian, Brigitte},
  Journal                  = {Mimeo},
  Year                     = {2014}
}

@Article{beshears2015nudge,
  Title                    = {Who is Easier to Nudge?},
  Author                   = {John Beshears and James J. Choi and David Laibson and Brigitte C. Madrian and Yixiang Wang},
  Year                     = {2015}
}

@Article{Bhargava2015,
  Title                    = {{Do Individuals Make Sensible Health Insurance Decisions? Evidence from a Menu with Dominated Options}},
  Author                   = {Bhargava, Saurabh and Loewenstein, George and Sydnor, Justin},
  Journal                  = {mimeo},
  Year                     = {2015},

  Address                  = {Cambridge, MA}
}

@Article{BhargavaLoewensteinSydnor2015,
  Title                    = {{Do Individuals Make Sensible Health Insurance Decisions? Evidence from a Menu with Dominated Options}},
  Author                   = {Bhargava, Saurabh and Loewenstein, George and Sydnor, Justin},
  Year                     = {2015},

  Address                  = {Cambridge, MA},
  Institution              = {National Bureau of Economic Research},
  Series                   = {NBER Working Paper Series}
}

@TechReport{blattman2015cbt,
  Title                    = {Reducing crime and violence: Experimental evidence on adult noncognitive investments in Liberia},
  Author                   = {Blattman, Christopher and Jamison, Julian C and Sheridan, Margaret},
  Institution              = {National Bureau of Economic Research},
  Year                     = {2015}
}

@Article{BGS2013,
  Title                    = {Salience and Consumer Choice},
  Author                   = {Bordalo, Pedro and Gennaioli, Nicola and Shleifer, Andrei},
  Journal                  = {Journal of Political Economy},
  Year                     = {2013},
  Number                   = {5},
  Volume                   = {121}
}

@Article{Bronchetti2013,
  Title                    = {{When a Nudge Isn't Enough: Defaults and Saving Among Low-Income Tax Filers}},
  Author                   = {Bronchetti, Erin Todd and Dee, Thomas S. and Huffman, David B. and Magenheim, Ellen},
  Journal                  = {National Tax Journal},
  Year                     = {2013},
  Number                   = {3},
  Pages                    = {609--634},
  Volume                   = {66}
}

@Article{Bryan2010,
  Title                    = {{Commitment Devices}},
  Author                   = {Bryan, Gharad and Karlan, Dean and Nelson, Scott},
  Journal                  = {Annual Review of Economics},
  Year                     = {2010},
  Pages                    = {671--698},
  Volume                   = {2}
}

@Article{bursztynjensen,
  Title                    = {HOW DOES PEER PRESSURE AFFECT EDUCATIONAL INVESTMENTS?},
  Author                   = {Bursztyn, L and Jensen, R},
  Journal                  = {The quarterly journal of economics},
  Year                     = {2014},
  Number                   = {3},
  Pages                    = {1329--1367},
  Volume                   = {130},

  Publisher                = {NIH Public Access}
}

@Article{Busse2015,
  Title                    = {{The Psychological Effects of Weather on Car Purchases}},
  Author                   = {Busse, Meghan R. and Pope, Devin G. and Pope, Jaren C. and Silva-Risso, Jorge},
  Journal                  = {Quarterly Journal of Economics},
  Year                     = {2015},
  Number                   = {1},
  Pages                    = {371--414},
  Volume                   = {130}
}

@Article{Camerer1997,
  Title                    = {{Labor Supply of New York City Cabdrivers: One Day at a Time}},
  Author                   = {Camerer, Colin and Babcock, Linda and Loewenstein, George and Thaler, Richard},
  Journal                  = {Quarterly Journal of Economics},
  Year                     = {1997},
  Number                   = {2},
  Pages                    = {407--441},
  Volume                   = {112}
}

@Article{caplin2001,
  Title                    = {Psychological expected utility theory and anticipatory feelings},
  Author                   = {Caplin, Andrew and Leahy, John},
  Journal                  = {Quarterly Journal of economics},
  Year                     = {2001},
  Pages                    = {55--79},

  Publisher                = {JSTOR}
}

@Article{Card2011,
  Title                    = {{Family Violence and Football: The Effect of Unexpected Emotional Cues on Violent Behavior}},
  Author                   = {Card, David and Dahl, Gordon},
  Journal                  = {Quarterly Journal of Economics},
  Year                     = {2011},
  Pages                    = {103--143},
  Volume                   = {126}
}

@Article{Carroll2009,
  Title                    = {{Optimal Defaults and Active Decisions}},
  Author                   = {Carroll, Gabriel D. and Choi, James J. and Laibson, David and Madrian, Brigitte C. and Metrick, Andrew},
  Journal                  = {Quarterly Journal of Economics},
  Year                     = {2009},
  Number                   = {4},
  Pages                    = {1639--1674},
  Volume                   = {124}
}

@Article{Carvalho2015,
  Title                    = {Poverty and Economic Decision-Making: Evidence from Changes in Financial Resources at Payday},
  Author                   = {Carvalho, Leandro and Meier, Stephan and Wang, Stephanie W.},
  Journal                  = {American Economic Review (forthcoming)},
  Year                     = {2015}
}

@Article{Cesarini2015,
  Title                    = {Wealth, Health, and Child Development: Evidence from Administrative Data on Swedish Lottery Players},
  Author                   = {Cesarini, David and Lindqvist, Erik and Ostling, Robert and Wallace, Bjorn},
  Journal                  = {Quarterly Journal of Economics (forthcoming)},
  Year                     = {2015}
}

@Article{Chabris2008a,
  Title                    = {{Individual Laboratory-measured Discount Rates Predict Field Behavior}},
  Author                   = {Chabris, Christopher F. and Laibson, David and Morris, Carrie L. and Schuldt, Jonathon and Taubinsky, Dmitry},
  Journal                  = {Journal of Risk and Uncertainty},
  Year                     = {2008},
  Pages                    = {237--269},
  Volume                   = {37}
}

@Misc{Chabris2008,
  Title                    = {{Intertemporal Choice}},

  Author                   = {Chabris, Christopher F. and Laibson, David I. and Schuldt, Jonathon P.},
  Year                     = {2008},

  Bdsk-url-1               = {http://www.dictionaryofeconomics.com/article?id=pde2008%5C_P000365%3E%20doi:10.1057/9780230226203.0843},
  Booktitle                = {The New Palgrave Dicionary of Economics},
  Edition                  = {2nd editio},
  Publisher                = {Palgrave Macmillan},
  Url                      = {http://www.dictionaryofeconomics.com/article?id=pde2008\_P000365> doi:10.1057/9780230226203.0843}
}

@Article{Chetty2006,
  Title                    = {{A New Method of Estimating Risk Aversion}},
  Author                   = {Chetty, Raj},
  Journal                  = {American Economic Review},
  Year                     = {2006},
  Number                   = {5},
  Pages                    = {1821--1834},
  Volume                   = {976}
}

@Article{Chetty2014,
  Title                    = {{Active vs. Passive Decisions and Crowd-Out in Retirement Savings Accounts}},
  Author                   = {Chetty, Raj and Freidman, John N. and Leth-Petersen, Soren and Nielsen, Torben Heien and Olsen, Tore},
  Journal                  = {Quarterly Journal of Economics},
  Year                     = {2014},
  Number                   = {3},
  Pages                    = {1141--1219},
  Volume                   = {129}
}

@Article{chetty2014active,
  Title                    = {Active vs. Passive Decisions and Crowd-Out in Retirement Savings Accounts: Evidence from Denmark*.},
  Author                   = {Chetty, Raj and Friedman, John N and Leth-Petersen, S{\o}ren and Nielsen, Torben Heien and Olsen, Tore},
  Journal                  = {Quarterly Journal of Economics},
  Year                     = {2014},
  Number                   = {3},
  Volume                   = {129}
}

@Article{chetty2009salience,
  Title                    = {Salience and Taxation: Theory and Evidence},
  Author                   = {Chetty, Raj and Looney, Adam and Kroft, Kory},
  Journal                  = {American Economic Review},
  Year                     = {2009},
  Number                   = {4},
  Pages                    = {1145--1177},
  Volume                   = {99}
}

@Article{Choi2005,
  Title                    = {{Saving for Retirement on the Path of Least Resistance}},
  Author                   = {Choi, James J. and Laibson, David and Madrian, Brigitte C. and Metrick, Andrew},
  Year                     = {2005}
}

@Article{Collaboration2015,
  Title                    = {{Estimating the Reproducibility of Psychological Science}},
  Author                   = {Collaboration, Open Science},
  Journal                  = {Science},
  Year                     = {2015},
  Number                   = {6251},
  Pages                    = {943--951},
  Volume                   = {349}
}

@Article{conley2010learning,
  Title                    = {Learning about a new technology: Pineapple in Ghana},
  Author                   = {Conley, Timothy G and Udry, Christopher R},
  Journal                  = {The American Economic Review},
  Year                     = {2010},
  Pages                    = {35--69},

  Publisher                = {JSTOR}
}

@Article{Conlin2007,
  Title                    = {{Projection Bias in Catalog Orders}},
  Author                   = {Conlin, Michael and O'Donoghue, Ted and Vogelsang, Timothy J.},
  Journal                  = {American Economic Review},
  Year                     = {2007},
  Number                   = {4},
  Pages                    = {1217--1249},
  Volume                   = {97}
}

@Article{Crawford2011,
  Title                    = {{New York City Cab Drivers' Labor Supply Revisited: Reference-Dependent Preferences with Rational Expectations Targets for Hours and Income}},
  Author                   = {Crawford, Vincent and Meng, JuanJuan},
  Journal                  = {American Economic Review},
  Year                     = {2011},
  Number                   = {5},
  Pages                    = {1912--1932},
  Volume                   = {101}
}

@Article{Cronqvist2004,
  Title                    = {{Design Choices in Privatized Social-Security Systems: Learning from the Swedish Experience}},
  Author                   = {Cronqvist, Henrik and Thaler, Richard H.},
  Journal                  = {American Economic Review},
  Year                     = {2004},
  Number                   = {2},
  Pages                    = {424--428},
  Volume                   = {94}
}

@Article{Darley1973,
  Title                    = {{'From Jerusalem to Jericho': A Study of Situational and Dispositional Variables in Helping Behavior}},
  Author                   = {Darley, John M. and Batson, C. Daniel},
  Journal                  = {Journal of Personality and Social Psychology},
  Year                     = {1973},
  Number                   = {1},
  Pages                    = {100--108},
  Volume                   = {27}
}

@Article{datta2014behavioral,
  Title                    = {Behavioral design: a new approach to development policy},
  Author                   = {Datta, Saugato and Mullainathan, Sendhil},
  Journal                  = {Review of Income and Wealth},
  Year                     = {2014},
  Number                   = {1},
  Pages                    = {7--35},
  Volume                   = {60},

  Publisher                = {Wiley Online Library}
}

@Article{deck2015effect,
  Title                    = {The effect of cognitive load on economic decision making: A survey and new experiments},
  Author                   = {Deck, Cary and Jahedi, Salar},
  Journal                  = {European Economic Review},
  Year                     = {2015},
  Pages                    = {97--119},
  Volume                   = {78},

  Publisher                = {Elsevier}
}

@Article{delavande2011,
  Title                    = {Measuring subjective expectations in developing countries: A critical review and new evidence},
  Author                   = {Delavande, Adeline and Gin{\'e}, Xavier and McKenzie, David},
  Journal                  = {Journal of Development Economics},
  Year                     = {2011},
  Number                   = {2},
  Pages                    = {151--163},
  Volume                   = {94},

  Publisher                = {Elsevier}
}

@Article{dellavigna2014reference,
  author  = {DellaVigna, Stefano and Lindner, Attila and Reizer, Balazs and Schmieder, Johannes F},
  title   = {Reference-Dependent Job Search: Evidence from Hungary},
  journal = {Unpublished Working Paper},
  year    = {2016},
}

@TechReport{dellavigna2014voting,
  Title                    = {Voting to tell others},
  Author                   = {DellaVigna, Stefano and List, John A and Malmendier, Ulrike and Rao, Gautam},
  Institution              = {National Bureau of Economic Research},
  Year                     = {2014}
}

@Article{DellaVigna2004,
  Title                    = {{Contract Design and Self-Control: Theory and Evidence}},
  Author                   = {DellaVigna, Stefano and Malmendier, Ulrike},
  Journal                  = {Quarterly Journal of Economics},
  Year                     = {2004},
  Number                   = {2},
  Pages                    = {353--402},
  Volume                   = {119}
}

@Article{Diamond2013,
  Title                    = {{Executive Functions}},
  Author                   = {Diamond, Adele},
  Journal                  = {Annual Review of Psychology},
  Year                     = {2013},
  Pages                    = {135--168},
  Volume                   = {64}
}

@Article{Duflo2011,
  Title                    = {{Nudging Farmers to Use Fertilizer: Theory and Experimental Evidence from Kenya}},
  Author                   = {Duflo, Esther and Kremer, Michael and Robinson, Jonathan},
  Journal                  = {American Economic Review},
  Year                     = {2011},
  Number                   = {6},
  Volume                   = {101}
}

@Article{Duflo2003,
  Title                    = {{The Role of Information and Social Interactions in Retirement Plan Decisions: Evidence from a Randomized Experiment}},
  Author                   = {Duflo, Esther and Saez, Emmanuel},
  Journal                  = {Quarterly Journal of Economics},
  Year                     = {2003},
  Number                   = {3},
  Pages                    = {815--842},
  Volume                   = {118}
}

@Article{eilrao,
  Title                    = {The good news-bad news effect: asymmetric processing of objective information about yourself},
  Author                   = {Eil, David and Rao, Justin M},
  Journal                  = {American Economic Journal: Microeconomics},
  Year                     = {2011},
  Number                   = {2},
  Pages                    = {114--138},
  Volume                   = {3},

  Publisher                = {American Economic Association}
}

@Article{Ericson2014,
  Title                    = {{The Endowment Effect}},
  Author                   = {Ericson, Keith M. and Fuster, Andreas},
  Journal                  = {Annual Review of Economics},
  Year                     = {2014},
  Pages                    = {555--579},
  Volume                   = {6}
}

@Article{Ericson2011,
  Title                    = {{Expectations as Endowments: Evidence on Reference-Dependent Preferences from Exchange and Valuation Experiments}},
  Author                   = {Ericson, Keith M. and Fuster, Andreas},
  Journal                  = {Quarterly Journal of Economics},
  Year                     = {2011},
  Number                   = {4},
  Pages                    = {1879--1907},
  Volume                   = {126}
}

@Article{Farber2015,
  Title                    = {{Why You Can't Find a Taxi in the Rain and Other Labor Supply Lessons from Cab Drivers}},
  Author                   = {Farber, Henry S.},
  Journal                  = {Quarterly Journal of Economics},
  Year                     = {2015},
  Volume                   = {forthcoming}
}

@Article{Farber2008,
  Title                    = {{Reference-Dependent Preferences and Labor Supply: The Case of New York City Taxi Drivers}},
  Author                   = {Farber, Henry S.},
  Journal                  = {American Economic Review},
  Year                     = {2008},
  Number                   = {3},
  Pages                    = {1069--1082},
  Volume                   = {98}
}

@Article{Farber2005,
  Title                    = {{Is Tomorrow Another Day? The Labor Supply of New York City Cabdrivers}},
  Author                   = {Farber, Henry S.},
  Journal                  = {Journal of Political Economy},
  Year                     = {2005},
  Number                   = {1},
  Pages                    = {46--82},
  Volume                   = {113}
}

@Article{Fehr2007,
  Title                    = {{Do Workers Work More if Wages Are High? Evidence from a Randomized Field Experiment}},
  Author                   = {Fehr, Ernst and Goette, Lorenz},
  Journal                  = {American Economic Review},
  Year                     = {2007},
  Number                   = {1},
  Pages                    = {298--317},
  Volume                   = {97}
}

@Article{Fischhoff2000,
  Title                    = {{Construal Processes in Preference Elicitation}},
  Author                   = {Fischhoff, B. and Welch, N. and Frederick, S.},
  Journal                  = {Journal of Risk and Uncertainty},
  Year                     = {2000},
  Pages                    = {139--164},
  Volume                   = {19}
}

@Article{Frederick2002,
  Title                    = {{Time Discounting and Time Preference: A Critical Review}},
  Author                   = {Frederick, Shane and Loewenstein, George and O'Donoghue, Ted},
  Journal                  = {Journal of Economic Literature},
  Year                     = {2002},
  Number                   = {2},
  Pages                    = {351--401},
  Volume                   = {XL}
}

@Article{Genesove2001,
  Title                    = {{Loss Aversion and Seller Behavior: Evidence from the Housing Market}},
  Author                   = {Genesove, David and Mayer, Christopher},
  Journal                  = {Quarterly Journal of Economics},
  Year                     = {2001},
  Number                   = {4},
  Pages                    = {1233--1260},
  Volume                   = {116}
}

@Article{gilbert2002,
  Title                    = {Durability bias in affective forecasting.},
  Author                   = {Gilbert, Daniel T and Pinel, Elizabeth C and Wilson, Timothy D and Blumberg, Stephen J and Wheatley, Thalia P},
  Year                     = {2002},

  Publisher                = {Cambridge University Press}
}

@Article{Gine2010,
  Title                    = {{Put Your Money Where Your Butt Is: A Commitment Contract for Smoking Cessation}},
  Author                   = {Gine, Xavier and Karlan, Dean and Zinman, Jonathan},
  Journal                  = {American Economic Journal: Applied Economics},
  Year                     = {2010},
  Pages                    = {213--235},
  Volume                   = {2}
}

@Book{Gleitman2011,
  Title                    = {{Psychology}},
  Author                   = {Gleitman, Henry and Gross, James and Reisberg, Daniel},
  Publisher                = {W.W. Norton and Co.},
  Year                     = {2011},

  Address                  = {New York \& London},
  Edition                  = {8th}
}

@Article{gneezy2009gender,
  Title                    = {Gender differences in competition: Evidence from a matrilineal and a patriarchal society},
  Author                   = {Gneezy, Uri and Leonard, Kenneth L and List, John A},
  Journal                  = {Econometrica},
  Year                     = {2009},
  Number                   = {5},
  Pages                    = {1637--1664},
  Volume                   = {77},

  Publisher                = {Wiley Online Library}
}

@Article{Goette2015,
  Title                    = {{Randomizing Endowments: An Experimental Study of Rational Expectations and Reference-Dependent Preferences}},
  Author                   = {Goette, Lorenz and Harms, Annette and Sprenger, Charles},
  Journal                  = {IZA Discussion Paper Series},
  Year                     = {2015},
  Volume                   = {8639}
}

@Article{Handel2013,
  Title                    = {{Adverse Selection and Inertia in Health Insurance Markets: When Nudging Hurts}},
  Author                   = {Handel, Benjamin},
  Journal                  = {American Economic Review},
  Year                     = {2013},
  Number                   = {7},
  Pages                    = {2643--2682},
  Volume                   = {103}
}

@Article{hanna2014,
  Title                    = {Learning through noticing: Theory and evidence from a field experiment},
  Author                   = {Hanna, Rema and Mullainathan, Sendhil and Schwartzstein, Joshua},
  Journal                  = {The Quarterly Journal of Economics},
  Year                     = {2014},
  Number                   = {3},
  Pages                    = {1311--1353},
  Volume                   = {129},

  Publisher                = {Oxford University Press}
}

@Article{Hastorf1954,
  Title                    = {{They Saw a Game: A Case Study}},
  Author                   = {Hastorf, Albert H. and Cantril, Hadley},
  Journal                  = {Journal of Abnormal Psychology},
  Year                     = {1954},
  Number                   = {1},
  Pages                    = {129--134},
  Volume                   = {49}
}

@Article{Haushofer2013c,
  Title                    = {No Effects of Psychosocial Stress on Intertemporal Choice},
  Author                   = {Haushofer, Johannes and Cornelisse, Sandra and Seinstra, Maayke and Fehr, Ernst and Joels, Marian and Kalenscher, Tobias},
  Journal                  = {Plos One},
  Year                     = {2013},
  Pages                    = {1--13},
  Volume                   = {8},

  Issue                    = {11}
}

@Article{Haushofer2013b,
  Title                    = {On the Psychology of Poverty},
  Author                   = {Haushofer, Johannes and Fehr, Ernst},
  Journal                  = {Science},
  Year                     = {2013},
  Pages                    = {862--867},
  Volume                   = {344},

  Issue                    = {6186}
}

@Article{Haushofer2015,
  Title                    = {Your Pain is My Gain: Negative Psychological Externalities of Cash Transfers},
  Author                   = {Haushofer, Johannes and Reisinger, James and Shapiro, Jeremy},
  Journal                  = {mimeo},
  Year                     = {2015}
}

@Article{Haushofer2013,
  Title                    = {Household Response to Income Changes: Evidence from an Unconditional Cash Transfer Program in Kenya},
  Author                   = {Haushofer, Johannes and Shapiro, Jeremy},
  Journal                  = {mimeo},
  Year                     = {2013}
}

@TechReport{heller2015thinking,
  Title                    = {Thinking, fast and slow? Some field experiments to reduce crime and dropout in Chicago},
  Author                   = {Heller, Sara B and Shah, Anuj K and Guryan, Jonathan and Ludwig, Jens and Mullainathan, Sendhil and Pollack, Harold A},
  Institution              = {National Bureau of Economic Research},
  Year                     = {2015}
}

@Article{Hershfield2011,
  Title                    = {{Future Self-Continuity: How Conceptions of the Future Self Transform Intertemporal Choice}},
  Author                   = {Hershfield, Hal E.},
  Journal                  = {Annals of the New York Academy of Sciences},
  Year                     = {2011},
  Pages                    = {30--43},
  Volume                   = {1235}
}

@Article{Hinson2003,
  Title                    = {{Impulsive Decision Making and Working Memory}},
  Author                   = {Hinson, John M. and Jameson, Tina L. and Whitney, Paul},
  Journal                  = {Journal of Experimental Psychology: Learning, Memory, and Cognition},
  Year                     = {2003},
  Number                   = {2},
  Pages                    = {298--306},
  Volume                   = {29}
}

@Article{hjort2014,
  Title                    = {Ethnic divisions and production in firms},
  Author                   = {Hjort, Jonas},
  Journal                  = {The Quarterly Journal of Economics},
  Year                     = {2014},
  Number                   = {4},
  Pages                    = {1899--1946},
  Volume                   = {129},

  Publisher                = {Oxford University Press}
}

@Article{Humphrey1985,
  Title                    = {{How Work Roles Influence Perception: Structural-Cognitive Processes and Organizational Behavior}},
  Author                   = {Humphrey, Ronald},
  Journal                  = {American Sociological Review},
  Year                     = {1985},
  Number                   = {2},
  Pages                    = {242--252},
  Volume                   = {50}
}

@Article{Hurst2008,
  Title                    = {{The Retirement of a Consumption Puzzle}},
  Author                   = {Hurst, Erik},
  Year                     = {2008},

  Address                  = {Cambridge, MA},
  Institution              = {National Bureau of Economic Research},
  Series                   = {NBER Working Paper Series}
}

@Article{Hurst2008a,
  Title                    = {{The Retirement of a Consumption Puzzle}},
  Author                   = {Hurst, Erik},
  Year                     = {2008},

  Address                  = {Cambridge, MA},
  Institution              = {National Bureau of Economic Research},
  Series                   = {NBER Working Paper Series}
}

@InCollection{imasgneezy,
  Title                    = {Lab in the Field: Measuring Preferences in the Wild},
  Author                   = {Imas, Alex and Uri Gneezy},
  Booktitle                = {Handbook of Field Experiments},
  Year                     = {2015},
  Editor                   = {Duflo, Esther and Abhijit Banerjee}
}

@Article{Isoni2011,
  Title                    = {{The Willingness to Pay -- Willingness to Accept Gap, the ``Endowment Effect," Subject Misconceptions, and Experimental Procedures for Eliciting Valuations: Comment}},
  Author                   = {Isoni, Andrea and Loomes, Graham and Sugden, Robert},
  Journal                  = {American Economic Review},
  Year                     = {2003},
  Number                   = {2},
  Pages                    = {1338--1339},
  Volume                   = {101}
}

@Article{John2015,
  Title                    = {When Commitment Fails -- Evidence from a Regular Saver Product in the Philippines},
  Author                   = {John, Anett},
  Journal                  = {mimeo},
  Year                     = {2015}
}

@Article{Johnson2003,
  Title                    = {Do Defaults Save Lives?},
  Author                   = {Johnson, Eric J. and Goldstein, Daniel},
  Journal                  = {Science},
  Year                     = {2003},
  Number                   = {5649},
  Pages                    = {1338--1339},
  Volume                   = {302}
}

@Article{Johnson2002,
  Title                    = {{Within-Subject Comparison of Real and Hypothetical Money Rewards in Delay Discounting}},
  Author                   = {Johnson, Matthew and Bickel, Warren},
  Journal                  = {Journal of the Experimental Analysis of Behavior},
  Year                     = {2002},
  Number                   = {2},
  Pages                    = {129--146},
  Volume                   = {77}
}

@Article{koszegi2006ego,
  Title                    = {Ego utility, overconfidence, and task choice},
  Author                   = {K{\"o}szegi, Botond},
  Journal                  = {Journal of the European Economic Association},
  Year                     = {2006},
  Number                   = {4},
  Pages                    = {673--707},
  Volume                   = {4},

  Publisher                = {Wiley Online Library}
}

@Article{ks2013,
  Title                    = {A model of focusing in economic choice},
  Author                   = {K{\H{o}}szegi, Botond and Szeidl, Adam},
  Journal                  = {The Quarterly Journal of Economics},
  Year                     = {2013},
  Number                   = {1},
  Pages                    = {53--104},
  Volume                   = {128},

  Publisher                = {Oxford University Press}
}

@Book{kahneman2011,
  Title                    = {Thinking, fast and slow},
  Author                   = {Kahneman, Daniel},
  Publisher                = {Macmillan},
  Year                     = {2011}
}

@Article{Kahneman1990,
  Title                    = {{Experimental Tests of the Endowment Effect and the Coase Theorem}},
  Author                   = {Kahneman, Daniel and Knetch, Jack L. and Thaler, Richard H.},
  Journal                  = {Journal of Political Economy},
  Year                     = {1990},
  Number                   = {6},
  Pages                    = {1325--1348},
  Volume                   = {98}
}

@Book{Kahneman1982,
  Title                    = {{Judgment Under Uncertainty: Heuristics and Biases}},
  Author                   = {Kahneman, Daniel and Slovic, Paul and Tversky, Amos},
  Publisher                = {Cambridge University Press},
  Year                     = {1982},

  Address                  = {New York}
}

@Book{KahnemanSlovicTversky1982,
  Title                    = {{Judgment Under Uncertainty: Heuristics and Biases}},
  Author                   = {Kahneman, Daniel and Slovic, Paul and Tversky, Amos},
  Publisher                = {Cambridge University Press},
  Year                     = {1982},

  Address                  = {New York}
}

@Article{karlan2016,
  Title                    = {Getting to the top of mind: How reminders increase saving},
  Author                   = {Karlan, Dean and McConnell, Margaret and Mullainathan, Sendhil and Zinman, Jonathan},
  Journal                  = {Management Science},
  Year                     = {2016},

  Publisher                = {INFORMS}
}

@Article{karlan2005,
  Title                    = {Using experimental economics to measure social capital and predict financial decisions},
  Author                   = {Karlan, Dean S},
  Journal                  = {American Economic Review},
  Year                     = {2005},
  Pages                    = {1688--1699},

  Publisher                = {JSTOR}
}

@Article{Kaur2015,
  Title                    = {{Self-Control at Work}},
  Author                   = {Kaur, Supreet and Kremer, Michael and Mullainathan, Sendhil},
  Journal                  = {Journal of Political Economy},
  Year                     = {2015},
  Volume                   = {Forthcomin}
}

@Book{Keys1950,
  Title                    = {{The Biology of Human Starvation}},
  Author                   = {Keys, Ancel},
  Publisher                = {University of Minnesota Press},
  Year                     = {1950},

  Address                  = {Minneapolis}
}

@Article{Kirby1997,
  Title                    = {{Bidding on the Future: Evidence Against Normative Discounting of Delayed Rewards}},
  Author                   = {Kirby, Kris N.},
  Journal                  = {Journal of Experimental Psychology: General},
  Year                     = {1997},
  Number                   = {1},
  Pages                    = {54--70},
  Volume                   = {126}
}

@Article{Koopmans1960,
  Title                    = {{Stationary Ordinal Utility and Impatience}},
  Author                   = {Koopmans, Tjalling C.},
  Journal                  = {Econometrica},
  Year                     = {1960},
  Number                   = {2},
  Pages                    = {287--309},
  Volume                   = {28}
}

@Article{Koszegi2007,
  Title                    = {{Reference-Dependent Risk Preferences}},
  Author                   = {Koszegi, Botond and Rabin, Matthew},
  Journal                  = {American Economic Review},
  Year                     = {2007},
  Number                   = {4},
  Pages                    = {1047--1073},
  Volume                   = {97}
}

@Article{Koszegi2006,
  Title                    = {{A Model of Reference-Dependent Preferences}},
  Author                   = {Koszegi, Botond and Rabin, Matthew},
  Journal                  = {Quarterly Journal of Economics},
  Year                     = {2006},
  Number                   = {4},
  Pages                    = {1133--1166},
  Volume                   = {121}
}

@Article{Kunda1986,
  Title                    = {{The Psychometrics of Everyday Life}},
  Author                   = {Kunda, Ziva and Nisbett, Richard E.},
  Journal                  = {Cognitive Psychology},
  Year                     = {1986},
  Pages                    = {195--224},
  Volume                   = {18}
}

@Article{Laibson2015,
  Title                    = {{Why Don't Present-Biased Agents Make Commitments?}},
  Author                   = {Laibson, David},
  Journal                  = {American Economic Review, Papers and Proceedings},
  Year                     = {2015},
  Number                   = {5},
  Pages                    = {267--272},
  Volume                   = {105}
}

@Article{Laibson2001,
  Title                    = {{A Cue-Theory of Consumption}},
  Author                   = {Laibson, David},
  Journal                  = {Quarterly Journal of Economics},
  Year                     = {2001},
  Number                   = {1},
  Pages                    = {81--119},
  Volume                   = {116}
}

@Article{Laibson1997,
  Title                    = {{Golden Eggs and Hyperbolic Discounting}},
  Author                   = {Laibson, David},
  Journal                  = {Quarterly Journal of Economics},
  Year                     = {1997},
  Number                   = {2},
  Pages                    = {443--478},
  Volume                   = {112}
}

@Article{Latane1968,
  Title                    = {{Group Inhibition of Bystander Intervention in Emergencies}},
  Author                   = {Latane, Bibb and Darley, John M.},
  Journal                  = {Journal of Personality and Social Psychology},
  Year                     = {1968},
  Number                   = {3},
  Pages                    = {215--221},
  Volume                   = {10}
}

@Article{Leventhal1965,
  Title                    = {{Effects of Fear and Spcificity of Recommendation upon Attitudes and Behavior}},
  Author                   = {Leventhal, Howard and Singer, Robert and Jones, Susan},
  Journal                  = {Journal of Personality and Social Psychology},
  Year                     = {1965},
  Number                   = {1},
  Pages                    = {20--29},
  Volume                   = {2}
}

@Article{levittList2007,
  Title                    = {What do laboratory experiments measuring social preferences reveal about the real world?},
  Author                   = {Levitt, Steven D and List, John A},
  Journal                  = {The journal of economic perspectives},
  Year                     = {2007},
  Number                   = {2},
  Pages                    = {153--174},
  Volume                   = {21},

  Publisher                = {JSTOR}
}

@Article{LevyPaluck2015,
  Title                    = {{The Psychology of Construal in the Design of Field Experiments}},
  Author                   = {{Levy Paluck}, Elizabeth and Shafir, Eldar},
  Year                     = {2015},

  Institution              = {Princeton University}
}

@InCollection{Lewin1952,
  Title                    = {{Group Decision and Social Change}},
  Author                   = {Lewin, Kurt},
  Booktitle                = {Readings in Social Psychology},
  Publisher                = {Holt},
  Year                     = {1952},

  Address                  = {New York},
  Edition                  = {Revised Ed},
  Editor                   = {Swanson, G.E. and Newcomb, T.M. and Hartley, E.L.}
}

@Article{Lim2010,
  Title                    = {{A Meta-Analysis of the Impact of Short-Term Sleep Deprivation on Cognitive Variables}},
  Author                   = {Lim, Julian and Dinges, David F.},
  Journal                  = {Psychological Bulletin},
  Year                     = {2010},
  Number                   = {3},
  Pages                    = {375--389},
  Volume                   = {136}
}

@Article{List2004,
  Title                    = {{Neoclassical Theory versus Prospect Theory: Evidence from the Marketplace}},
  Author                   = {List, John},
  Journal                  = {Econometrica},
  Year                     = {2004},
  Number                   = {2},
  Pages                    = {615--625},
  Volume                   = {72}
}

@Article{List2003,
  Title                    = {{Does Market Experience Eliminate Market Anomalies}},
  Author                   = {List, John},
  Journal                  = {Quarterly Journal of Economics},
  Year                     = {2003},
  Number                   = {1},
  Pages                    = {41--71},
  Volume                   = {118}
}

@Article{Loewenstein2000,
  Title                    = {{Emotions in Economic Theory and Economic Behavior}},
  Author                   = {Loewenstein, George},
  Journal                  = {American Economic Review},
  Year                     = {2000},
  Number                   = {2},
  Pages                    = {426--432},
  Volume                   = {90}
}

@Article{Loewenstein1996,
  Title                    = {{Out of Control: Visceral Influences on Behavior}},
  Author                   = {Loewenstein, George},
  Journal                  = {Organizational Behavior and Human Decision Processes},
  Year                     = {1996},
  Number                   = {3},
  Pages                    = {272--292},
  Volume                   = {65}
}

@Article{Loewenstein2003,
  Title                    = {{Projection Bias in Predicting Future Utility}},
  Author                   = {Loewenstein, George and O'Donoghue, Ted and Rabin, Matthew},
  Journal                  = {Quarterly Journal of Economics},
  Year                     = {2003},
  Number                   = {4},
  Pages                    = {1209--1248},
  Volume                   = {118},

  Date-modified            = {2015-10-13 18:11:19 +0000}
}

@Article{Loewenstein1992,
  Title                    = {{Anomalies in Intertemporal Choice: Evidence and an Interpretation}},
  Author                   = {Loewenstein, George and Prelec, Drazen},
  Journal                  = {Quarterly Journal of Economics},
  Year                     = {1992},
  Number                   = {2},
  Pages                    = {573--597},
  Volume                   = {107}
}

@Article{Loewenstein2001,
  Title                    = {{Risk as Feelings}},
  Author                   = {Loewenstein, George F. and Weber, Elke U. and Hsee, Christopher K. and Welch, Ned},
  Journal                  = {Psychological Bulletin},
  Year                     = {2001},
  Number                   = {2},
  Pages                    = {267--286},
  Volume                   = {127},

  Date-modified            = {2015-10-13 18:12:15 +0000}
}

@Article{Loomes1982,
  Title                    = {{Regret Theory: An Alternative Theory of Rational Choice Under Uncertainty}},
  Author                   = {Loomes, Graham and Sugden, Robert},
  Journal                  = {Economic Journal},
  Year                     = {1982},
  Number                   = {368},
  Pages                    = {805--824},
  Volume                   = {92}
}

@Article{LoomesSugden1982,
  Title                    = {{Regret Theory: An Alternative Theory of Rational Choice Under Uncertainty}},
  Author                   = {Loomes, Graham and Sugden, Robert},
  Journal                  = {Economic Journal},
  Year                     = {1982},
  Number                   = {368},
  Pages                    = {805--824},
  Volume                   = {92}
}

@TechReport{lowes2015,
  Title                    = {The evolution of culture and institutions: Evidence from the Kuba Kingdom},
  Author                   = {Lowes, Sara and Nunn, Nathan and Robinson, James A and Weigel, Jonathan},
  Institution              = {National Bureau of Economic Research},
  Year                     = {2015}
}

@Unpublished{LowesNunnRobinsonEtAl2015,
  Title                    = {The Interaction of Culture and Institutions: Evidence from the Kuba Kingdom},
  Author                   = {Lowes, Sara and Nathan Nunn and James A. Robinson and Jonathan Weigel},
  Year                     = {2015}
}

@Article{mobius2014managing,
  Title                    = {Managing Self-Confidence},
  Author                   = {M{\"o}bius, Markus M and Niederle, Muriel and Niehaus, Paul and Rosenblat, Tanya S},
  Year                     = {2014}
}

@Article{Madrian2001,
  Title                    = {{Power of Suggestion: Inertia in 401(k) Participation and Savings Behavior}},
  Author                   = {Madrian, Brigitte C. and Shea, Dennis F.},
  Journal                  = {Quarterly Journal of Economics},
  Year                     = {2001},
  Number                   = {4},
  Pages                    = {1149--1187},
  Volume                   = {116}
}

@Article{Maier1976,
  Title                    = {{Learned Helplessness: Theory and Evidence}},
  Author                   = {Maier, Steven F. and Seligman, Martin E.P.},
  Journal                  = {Journal of Experimental Psychology: General},
  Year                     = {1976},
  Number                   = {1},
  Pages                    = {3--46},
  Volume                   = {105}
}

@Article{Mas2006,
  Title                    = {{Pay, Reference Points, and Police Performance}},
  Author                   = {Mas, Alexandre},
  Journal                  = {Quarterly Journal of Economics},
  Year                     = {2006},
  Number                   = {3},
  Pages                    = {783--821},
  Volume                   = {121}
}

@Article{meiersprenger2010,
  Title                    = {{Present-Biased Preferences and Credit Card Borrowing}},
  Author                   = {Meier, Stephan and Sprenger, Charles},
  Journal                  = {American Economic Journal: Applied Economics},
  Year                     = {2010},
  Number                   = {1},
  Pages                    = {193--210},
  Volume                   = {2}
}

@Article{Meier2015,
  Title                    = {{Temporal Stability of Time Preferences}},
  Author                   = {Meier, Stephan and Sprenger, Charles D.},
  Journal                  = {Review of Economics and Statistics},
  Year                     = {2015},
  Number                   = {2},
  Pages                    = {273--286},
  Volume                   = {97}
}

@Article{Mendolia2009,
  Title                    = {{The Impact of Job Loss on Family Mental Health}},
  Author                   = {Mendolia, Silvia},
  Journal                  = {mimeo},
  Year                     = {2009}
}

@Article{Milgram1963,
  Title                    = {{Behavioral Studyof Obedience}},
  Author                   = {Milgram, Stanley},
  Journal                  = {Journal of Abnormal and Social Psychology},
  Year                     = {1963},
  Number                   = {4},
  Pages                    = {371--378},
  Volume                   = {67}
}

@Article{Milkman2014,
  Title                    = {{Holding the Hunger Games Hostage at the Gym: An Evaluation of Temptation Bundling}},
  Author                   = {Milkman, Katherine and Minson, Julia A. and Volpp, Kevin G.M.},
  Journal                  = {Management Science},
  Year                     = {2014},
  Number                   = {2},
  Pages                    = {283--299},
  Volume                   = {60}
}

@Article{Miller1956,
  Title                    = {The Magical Number Seven, Plus or Minus Two: Some Limits on Our Capacity For Processing Information},
  Author                   = {Miller, George A.},
  Journal                  = {Psychological Review},
  Year                     = {1956},
  Number                   = {2},
  Pages                    = {81--97},
  Volume                   = {63}
}

@Article{Mischel1989,
  Title                    = {{Delay of Gratification in Children}},
  Author                   = {Mischel, Walter and Shoda, Yuichi and Rodriguez, Monica L.},
  Journal                  = {Science},
  Year                     = {1989},
  Number                   = {4907},
  Pages                    = {933--938},
  Volume                   = {244}
}

@TechReport{mobius2015treasure,
  Title                    = {Treasure hunt: Social learning in the field},
  Author                   = {Mobius, Markus and Phan, Tuan and Szeidl, Adam},
  Institution              = {National Bureau of Economic Research},
  Year                     = {2015}
}

@Article{moore2008trouble,
  Title                    = {The trouble with overconfidence.},
  Author                   = {Moore, Don A and Healy, Paul J},
  Journal                  = {Psychological review},
  Year                     = {2008},
  Number                   = {2},
  Pages                    = {502},
  Volume                   = {115},

  Publisher                = {American Psychological Association}
}

@Unpublished{Mukherjee,
  Title                    = {The Effects of Social Identity on Aspirations and Learning Outcomes},
  Author                   = {Mukherjee, Priya},
  Year                     = {2015}
}

@Article{mullainathan2012reduced,
  Title                    = {A reduced-form approach to behavioral public finance},
  Author                   = {Mullainathan, Sendhil and Schwartzstein, Joshua and Congdon, William J},
  Journal                  = {Economics},
  Year                     = {2012},
  Volume                   = {4}
}

@Book{Mullainathan2013,
  Title                    = {{Scarcity: Why Having Too Little Means So Much}},
  Author                   = {Mullainathan, Sendhil and Shafir, Eldar},
  Publisher                = {Time Books, Henry Holt and Co. LLC},
  Year                     = {2013}
}

@Article{Muraven2000,
  Title                    = {{Self-Regulation and Depletion of Limited Resources: Does Self-Control Resemble a Muscle?}},
  Author                   = {Muraven, Mark and Baumeister, Roy F.},
  Journal                  = {Psychological Bulletin},
  Year                     = {2000},
  Number                   = {2},
  Pages                    = {247--259},
  Volume                   = {126}
}

@Article{Nisbett1973,
  Title                    = {{Behavior As Seen by the Actor and As Seen by the Observer}},
  Author                   = {Nisbett, Richard E.},
  Journal                  = {Journal of Personality and Social Psychology},
  Year                     = {1973},
  Number                   = {2},
  Pages                    = {154--164},
  Volume                   = {27}
}

@Article{Nisbett1969,
  Title                    = {{Obesity, Food Deprivation and Supermarket Shopping Behavior}},
  Author                   = {Nisbett, Richard E. and Kanouse, David E.},
  Journal                  = {Journal of Personality and Social Psychology},
  Year                     = {1969},
  Number                   = {4},
  Pages                    = {289--294},
  Volume                   = {12}
}

@Article{ODonoghue2001,
  Title                    = {{Choice and Procrastination}},
  Author                   = {O'Donoghue, Ted and Rabin, Matthew},
  Journal                  = {Quarterly Journal of Economics},
  Year                     = {2001},
  Number                   = {1},
  Pages                    = {121--160},
  Volume                   = {116}
}

@Article{ODonoghue1999,
  Title                    = {{Doing It Now or Later}},
  Author                   = {O'Donoghue, Ted and Rabin, Matthew},
  Journal                  = {American Economic Review},
  Year                     = {1999},
  Number                   = {1},
  Pages                    = {103--124},
  Volume                   = {89}
}

@Article{Odean1998,
  Title                    = {{Are Investors Reluctant to Realize Their Losses?}},
  Author                   = {Odean, Terrance},
  Journal                  = {Journal of Finance},
  Year                     = {1998},
  Number                   = {5},
  Pages                    = {1775--1798},
  Volume                   = {53}
}

@Article{oster2013huntington,
  Title                    = {Optimal Expectations and Limited Medical Testing: Evidence from Huntington Disease},
  Author                   = {Oster, Emily and Shoulson, Ira and Dorsey, E Ray and others},
  Journal                  = {American Economic Review},
  Year                     = {2013},
  Number                   = {2},
  Pages                    = {804--30},
  Volume                   = {103},

  Publisher                = {American Economic Association}
}

@Article{perez2015partisan,
  Title                    = {Partisan interactions: Evidence from a field experiment in the united states},
  Author                   = {Perez-Truglia, Ricardo and Cruces, Guillermo},
  Journal                  = {Available at SSRN 2427148},
  Year                     = {2015}
}

@Book{Peterson1993,
  Title                    = {{Learned Helplessness: A Theory for the Age of Personal Control}},
  Author                   = {Peterson, Christopher and Maier, Steven F. and Seligman, Martin E.P.},
  Publisher                = {Oxford University Press},
  Year                     = {1993},

  Address                  = {New York}
}

@Article{Phelps1968,
  Title                    = {{On Second-Best National Saving and Game-Equilibrium Growth}},
  Author                   = {Phelps, E.S. and Pollak, R.A.},
  Journal                  = {Review of Economic Studies},
  Year                     = {1968},
  Number                   = {2},
  Pages                    = {185--199},
  Volume                   = {35}
}

@Article{Pietromonaco1982,
  Title                    = {{Swimming Upstream Against the Fundamental Attribution Error: Subjects' Weak Generalizations from the Darley and Batson Study}},
  Author                   = {Pietromonaco, Paula R. and Nisbett, Richard E.},
  Journal                  = {Social Behavior and Personality},
  Year                     = {1982},
  Number                   = {1},
  Pages                    = {1--4},
  Volume                   = {10}
}

@Article{Rabin2013,
  Title                    = {{Incorporating Limited Rationality into Economics}},
  Author                   = {Rabin, Matthew},
  Journal                  = {Journal of Economic Literature},
  Year                     = {2013},
  Number                   = {2},
  Pages                    = {528--543},
  Volume                   = {51}
}

@Article{Rabin2000,
  Title                    = {{Aversion and Expected-Utility Theory: A Calibration Theorem}},
  Author                   = {Rabin, Matthew},
  Journal                  = {Econometrica},
  Year                     = {2000},
  Number                   = {5},
  Pages                    = {1281--1292},
  Volume                   = {68}
}

@Article{Rabin2009,
  Title                    = {{Narrow Bracketing and Dominated Choices}},
  Author                   = {Rabin, Matthew and Weizsaecker, Georg},
  Journal                  = {American Economic Review},
  Year                     = {2009},
  Number                   = {4},
  Pages                    = {1508--1543},
  Volume                   = {99}
}

@Article{rao2013,
  Title                    = {Familiarity Does Not Breed Contempt: Diversity, Discrimination and Generality in Delhi Schools},
  Author                   = {Rao, Gautam},
  Year                     = {2013}
}

@Article{Read1998,
  Title                    = {{Predicting Hunger: The Effects of Appetite and Delay on Choice}},
  Author                   = {Read, Daniel and van Leeuwen, Barbara},
  Journal                  = {Organizational Behavior and Human Decision Processes},
  Year                     = {1998},
  Number                   = {2},
  Pages                    = {189--205},
  Volume                   = {76}
}

@Article{Read1999,
  Title                    = {{Mixing Virtue and vice: Combining the Immediacy Effect and the Diversification Heuristic}},
  Author                   = {Read, Daniel and Loewenstein, George and Kalyanaraman, Shobana},
  Journal                  = {Journal of Behavioral Decision Making},
  Year                     = {1999},
  Pages                    = {257--273},
  Volume                   = {12}
}

@Article{Read1999a,
  Title                    = {{Mixing Virtue and Vice: Combining the Immediacy Effect and the Diversification Heuristic}},
  Author                   = {Read, Daniel and Loewenstein, George and Kalyanaraman, Shobana},
  Journal                  = {Journal of Behavioral Decision Making},
  Year                     = {1999},
  Pages                    = {257--273},
  Volume                   = {12}
}

@Article{ReadLoewensteinKalyanaraman1999,
  Title                    = {{Mixing Virtue and Vice: Combining the Immediacy Effect and the Diversification Heuristic}},
  Author                   = {Read, Daniel and Loewenstein, George and Kalyanaraman, Shobana},
  Journal                  = {Journal of Behavioral Decision Making},
  Year                     = {1999},
  Pages                    = {257--273},
  Volume                   = {12}
}

@Article{Rees-Jones2014,
  Title                    = {{Loss Aversion Motivates Tax Sheltering: Evidence from US Tax Returns}},
  Author                   = {Rees-Jones, Alex},
  Journal                  = {mimeo},
  Year                     = {2014}
}

@Book{Ross1991,
  Title                    = {{The Person and the Situation: Perspectives of Social Psychology}},
  Author                   = {Ross, Lee and Nisbett, Richard E.},
  Publisher                = {Temple University Press},
  Year                     = {1991},

  Address                  = {Philadelphia}
}

@Article{Ross1977,
  Title                    = {{Social Roles, Social Control, and Biases in Social-Perception Processes}},
  Author                   = {Ross, Lee D. and Amabile, Teresa M. and Steinmetz, Julia L.},
  Journal                  = {Journal of Personality and Social Psychology},
  Year                     = {1977},
  Number                   = {7},
  Pages                    = {485--494},
  Volume                   = {35}
}

@Article{Sadoff2015,
  Title                    = {{Dynamic Inconsistency in Food Choice: Experimental Evidence from a Food Desert}},
  Author                   = {Sadoff, Sally and Samek, Anya and Sprenger, Charles},
  Year                     = {2015}
}

@Article{Samuelson1937,
  Title                    = {{A Note on Measurement of Utility}},
  Author                   = {Samuelson, Paul A.},
  Journal                  = {Review of Economic Studies},
  Year                     = {1937},
  Number                   = {2},
  Pages                    = {155--161},
  Volume                   = {1}
}

@Book{Sapolsky2004,
  Title                    = {Why Zebras Don't Get Ulcers: The Acclaimed Guide to Stress, Stress-Related Diseases, and Coping},
  Author                   = {Sapolsky, Robert M.},
  Publisher                = {Holt Papersbacks},
  Year                     = {2004},

  Address                  = {New York}
}

@Book{Schacter2014,
  Title                    = {{Psychology}},
  Author                   = {Schacter, Daniel L. and Gilbert, Daniel T. and Wegner, Daniel M. and Nock, Matthew},
  Publisher                = {Worth Publishers},
  Year                     = {2014},

  Address                  = {New York},
  Edition                  = {3rd}
}

@Article{Schelling1984,
  Title                    = {{Self-Command in Practice, in Policy, and in a Theory of Rational Choice}},
  Author                   = {Schelling, Thomas C.},
  Journal                  = {American Economic Review, Papers and Proceedings},
  Year                     = {1984},
  Number                   = {2},
  Pages                    = {1--11},
  Volume                   = {74}
}

@Article{Schilbach2018,
  author  = {Schilbach, Frank},
  title   = {{Alcohol and Self-Control : A Field Experiment in India}},
  journal = {mimeo},
  year    = {2018},
}

@Article{schilbachpsychological,
  Title                    = {The Psychological Lives of the Poor},
  Author                   = {Schilbach, Frank and Schofield, Heather and Mullainathan, Sendhil},
  Journal                  = {AER P\&P},
  Year                     = {2016}
}

@Article{schwardmann2016deception,
  Title                    = {Deception and Self-Deception},
  Author                   = {Schwardmann, Peter and Van der Weele, Joel J},
  Year                     = {2016},

  Publisher                = {Tinbergen Institute Discussion Paper, TI 2016-012/I}
}

@Article{Seligman1970,
  author  = {Seligman, Martin E.P.},
  journal = {Psychological Review},
  title   = {{On the Generality of the Laws of Learning}},
  year    = {1970},
  number  = {5},
  pages   = {406--418},
  volume  = {77},
}

@Article{Shah2015,
  Title                    = {Scarcity Frames Value},
  Author                   = {Shah, Anuj and Mullainathan, Sendhil and Shafir, Eldar},
  Journal                  = {Psychological Science},
  Year                     = {2015},
  Number                   = {4},
  Pages                    = {402--412},
  Volume                   = {26}
}

@Article{Shiv1999,
  Title                    = {{Heart and Mind in Conflict: the Interplay of Affect and Cognition in Consumer Decision Making}},
  Author                   = {Shiv, Baba and Fedorikhin, Alexander},
  Journal                  = {Journal of Consumer Research},
  Year                     = {1999},
  Number                   = {3},
  Pages                    = {278--292},
  Volume                   = {26}
}

@Article{Skinner1960,
  Title                    = {{Pigeons in a Pelican}},
  Author                   = {Skinner, B.F.},
  Journal                  = {American Psychologist},
  Year                     = {1960},
  Number                   = {1},
  Pages                    = {28--37},
  Volume                   = {15}
}

@Article{Snowberg2010,
  author  = {Snowberg, Eric and Wolfers, Justin},
  journal = {Journal of Political Economy},
  title   = {{Explaining the Favorite-Long Shot Bias: Is it Risk-Love or Misperceptions?}},
  year    = {2010},
  number  = {4},
  pages   = {723--746},
  volume  = {118},
}

@Article{Snyder1977,
  Title                    = {{Social Perception and Interpersonal Behavior: On the Self-Fulfilling Nature of Social Stereotypes}},
  Author                   = {Snyder, Mark and Tanke, Elizabeth Tanke and Berscheid, Ellen},
  Journal                  = {Journal of Personality and Social Psychology},
  Year                     = {1977},
  Number                   = {9},
  Pages                    = {656--666},
  Volume                   = {35}
}

@Article{Spaeth2013,
  Title                    = {{Effects of Experimental Sleep Restriction on Weight Gain, Caloric Intake, and Meal Timing in Healthy Adults}},
  Author                   = {Spaeth, Andrea and Dinges, David F. and Goel, Namni},
  Journal                  = {Sleep},
  Year                     = {2013},
  Number                   = {7},
  Pages                    = {981--990},
  Volume                   = {36}
}

@Article{Sprenger2015,
  Title                    = {{An Endowment Effect for Risk: Experimental Tests of Stochastic Reference Points}},
  Author                   = {Sprenger, Charles},
  Journal                  = {Journal of Political Economy},
  Year                     = {2015}
}

@TechReport{stevenson2008easterlin,
  Title                    = {Economic growth and subjective well-being: Reassessing the Easterlin paradox},
  Author                   = {Stevenson, Betsey and Wolfers, Justin},
  Institution              = {National Bureau of Economic Research},
  Year                     = {2008}
}

@Article{Sweller1988,
  Title                    = {Cognitive Load During Problem Solving: Effects on Learning},
  Author                   = {Sweller, John},
  Journal                  = {Cognitive Science},
  Year                     = {1988},
  Pages                    = {257--285},
  Volume                   = {12}
}

@Article{Sydnor2010,
  Title                    = {{(Over)insuring Modest Risks}},
  Author                   = {Sydnor, Justin},
  Journal                  = {American Economic Journal: Applied Economics},
  Year                     = {2010},
  Number                   = {4},
  Pages                    = {177-199},
  Volume                   = {2}
}

@Article{tabellini2010culture,
  Title                    = {Culture and institutions: economic development in the regions of Europe},
  Author                   = {Tabellini, Guido},
  Journal                  = {Journal of the European Economic Association},
  Year                     = {2010},
  Number                   = {4},
  Pages                    = {677--716},
  Volume                   = {8},

  Publisher                = {Wiley Online Library}
}

@Article{taubinsky2015attention,
  Title                    = {Attention Variation and Welfare: Theory and Evidence from a Tax Salience Experiment},
  Author                   = {Taubinsky, Dmitry and Rees-Jones, Alex},
  Year                     = {2015}
}

@techreport{strack2021dynamic,
	title={Dynamic Preference “Reversals” and Time Inconsistency},
	author={Strack, Philipp and Taubinsky, Dmitry},
	year={2021},
	institution={National Bureau of Economic Research}
}

@article{le2019learning,
	title={Learning about one's self},
	author={Le Yaouanq, Yves and Schwardmann, Peter},
	year={2019},
	publisher={CEPR Discussion Paper No. DP13510}
}



@Article{Thaler1999,
  Title                    = {{Mental Accounting Matters}},
  Author                   = {Thaler, Richard},
  Journal                  = {Journal of Behavioral Decision Making},
  Year                     = {1999},
  Pages                    = {183--206},
  Volume                   = {12}
}

@Article{Thaler1981,
  Title                    = {{Some Empirical Evidence on Dynamic Inconsistency}},
  Author                   = {Thaler, Richard},
  Journal                  = {Economics Letters},
  Year                     = {1981},
  Pages                    = {201--207},
  Volume                   = {8}
}

@Article{Thaler1981a,
  Title                    = {{Some Empirical Evidence on Dynamic Inconsistency}},
  Author                   = {Thaler, Richard},
  Journal                  = {Economics Letters},
  Year                     = {1981},
  Pages                    = {201--207},
  Volume                   = {8}
}

@Article{Tversky1979,
  Title                    = {{Prospect Theory: An Analysis of Decision under Risk}},
  Author                   = {Tversky, Amos and Kahneman, Daniel},
  Journal                  = {Econometrica},
  Year                     = {1979},
  Pages                    = {263--292},
  Volume                   = {47}
}

@Article{VanDongen2003,
  Title                    = {{The Cumulative Cost of Additional Wakefulness: Dose-Response Effects on Neurobehavioral Functions and Sleep Physiology From Chronic Sleep Restriction and Total Sleep Deprivation}},
  Author                   = {{Van Dongen}, Hans P.A. and Maislin, Greg and Mullington, Janet and Dinges, David F.},
  Journal                  = {Sleep},
  Year                     = {2003},
  Number                   = {2},
  Pages                    = {117--126},
  Volume                   = {26}
}

@Article{Wagner2012,
  Title                    = {{Lost Sleep and Cyberloafing: Evidence From the Laboratory and a Daylight Saving Time Quasi-Experiment}},
  Author                   = {Wagner, David T. and Barnes, Christopher M. and Lim, Vivien K.G. and Ferris, D. Lance},
  Journal                  = {Journal of Applied Psychology},
  Year                     = {2012},
  Number                   = {5},
  Pages                    = {1068--1076},
  Volume                   = {97}
}

@Article{zwane2011,
  Title                    = {Being surveyed can change later behavior and related parameter estimates},
  Author                   = {Zwane, Alix Peterson and Zinman, Jonathan and Van Dusen, Eric and Pariente, William and Null, Clair and Miguel, Edward and Kremer, Michael and Karlan, Dean S and Hornbeck, Richard and Gin{\'e}, Xavier and others},
  Journal                  = {Proceedings of the National Academy of Sciences},
  Year                     = {2011},
  Number                   = {5},
  Pages                    = {1821--1826},
  Volume                   = {108},

  Publisher                = {National Acad Sciences}
}

@TechReport{blumenstock2015mobile,
  author      = {Blumenstock, Joshua and Callen, Michael and Ghani, Tarek},
  title       = {Mobile-izing savings with automatic contributions: Experimental evidence on dynamic inconsistency and the default effect in afghanistan},
  institution = {mimeo},
  year        = {2015},
}

@Article{shenhavRandGreene2016,
  author = {Shenhav, Amitai and Rand, David G and Greene, Joshua D},
  title  = {The Path of Least Resistance: Intertemporal Choice and Its Relationship to Choices, Preferences, and Beliefs},
  year   = {2016},
}

@TechReport{callen2015personalities,
  author      = {Callen, Michael and Gulzar, Saad and Hasanain, Ali and Khan, Yasir and Rezaee, Arman},
  title       = {Personalities and public sector performance: Evidence from a health experiment in Pakistan},
  institution = {National Bureau of Economic Research},
  year        = {2015},
}

@Article{blumenstock2018,
  author  = {Blumenstock, Joshua and Callen, Michael and Ghani, Tarek},
  title   = {Why do defaults affect behavior? Experimental evidence from Afghanistan},
  journal = {American Economic Review},
  year    = {2018},
  volume  = {108},
  number  = {10},
  pages   = {2868--2901},
}

@TechReport{beshears2017borrowing,
  author      = {Beshears, John and Choi, James J and Laibson, David and Madrian, Brigitte C and Skimmyhorn, William L},
  title       = {Borrowing to Save? The Impact of Automatic Enrollment on Debt},
  institution = {Working paper},
  year        = {2017},
}

@Article{cohen2016measuring,
  author      = {Cohen, Jonathan D and Ericson, Keith Marzilli and Laibson, David and White, John Myles},
  title       = {Measuring time preferences},
  year        = {2016},
  institution = {National Bureau of Economic Research},
}

@Article{bai2017,
  author      = {Bai, Liang and Handel, Benjamin and Miguel, Edward and Rao, Gautam},
  title       = {Self-Control and Demand for Preventive Health: Evidence from Hypertension in India},
  year        = {2021},
  institution = {Review of Economics and Statistics},
}

@Article{toussaert2018eliciting,
  author    = {Toussaert, S{\'e}verine},
  title     = {Eliciting Temptation and Self-Control Through Menu Choices: A Lab Experiment},
  journal   = {Econometrica},
  year      = {2018},
  volume    = {86},
  number    = {3},
  pages     = {859--889},
  publisher = {Wiley Online Library},
}

@Article{Meier2010,
  author  = {Meier, Stephan and Sprenger, Charles},
  title   = {{Present-Biased Preferences and Credit Card Borrowing}},
  journal = {American Economic Journal: Applied Economics},
  year    = {2010},
  volume  = {2},
  number  = {1},
  pages   = {193--210},
}

@Article{alan2018fostering,
  author  = {Alan, Sule and Ertac, Seda},
  title   = {Fostering patience in the classroom: Results from a randomized educational intervention},
  journal = {Journal of Political Economy},
  year    = {2018},
}

@Article{epper2018time,
  author = {Epper, Thomas and Fehr, Ernst and Fehr-Duda, Helga and Kreiner, Claus Thustrup and Lassen, David Dreyer and Leth-Petersen, S{\o}ren and Rasmussen, Gregers Nytoft},
  title  = {Time Discounting and Wealth Inequality},
  year   = {2018},
}

@Article{bartovs2016attention,
  author    = {Barto{\v{s}}, Vojt{\v{e}}ch and Bauer, Michal and Chytilov{\'a}, Julie and Mat{\v{e}}jka, Filip},
  title     = {Attention Discrimination: Theory and Field Experiments with Monitoring Information Acquisition},
  journal   = {American Economic Review},
  year      = {2016},
  volume    = {106},
  number    = {6},
  pages     = {1437--1475},
  publisher = {American Economic Association 2014 Broadway, Suite 305, Nashville, TN 37203},
}

@Article{dellavigna2012,
  author        = {DellaVigna, Stefano and List, John A and Malmendier, Ulrike},
  title         = {Testing for Altruism and Social Pressure in Charitable Giving},
  journal       = {Quarterly Journal of Economics},
  year          = {2012},
  volume        = {127},
  number        = {1},
  pages         = {1},
  date-modified = {2016-12-12 00:51:45 +0000},
}

@Article{dellavigna2017voting,
  author    = {DellaVigna, Stefano and List, John A and Malmendier, Ulrike and Rao, Gautam},
  title     = {Voting to tell others},
  journal   = {The Review of Economic Studies},
  year      = {2017},
  volume    = {84},
  number    = {1},
  pages     = {143--181},
  publisher = {Review of Economic Studies Ltd},
}

@Article{dube2017self,
  author    = {Dub{\'e}, Jean-Pierre and Luo, Xueming and Fang, Zheng},
  title     = {Self-Signaling and Prosocial Behavior: A Cause Marketing Experiment},
  journal   = {Marketing Science},
  year      = {2017},
  volume    = {36},
  number    = {2},
  pages     = {161--186},
  publisher = {INFORMS},
}

@Article{platinum,
  author  = {Bursztyn, Leonardo and Ferman, Bruno and Fiorin, Stefano and Kanz, Martin and Rao, Gautam},
  title   = {Status Goods: Experimental Evidence from Platinum Credit Cards},
  journal = {The Quarterly Journal of Economics},
  year    = {2018},
}

@Article{Sydnor2010a,
  author  = {Sydnor, Justin},
  title   = {{(Over)insuring Modest Risks}},
  journal = {American Economic Journal: Applied Economics},
  year    = {2010},
  volume  = {2},
  number  = {4},
  pages   = {177-199},
}

@Article{Rabin2000a,
  author  = {Rabin, Matthew},
  title   = {{Risk Aversion and Expected-Utility Theory: A Calibration Theorem}},
  journal = {Econometrica},
  year    = {2000},
  volume  = {68},
  number  = {5},
  pages   = {1281--1292},
}

@Book{Arrow1971,
  title     = {{Essays in the Theory of Risk-Bearing}},
  publisher = {Markham Publishing Company. Chicago, IL},
  year      = {1971},
  author    = {Arrow, Kenneth},
}

@Article{DellaVigna2017,
  author    = {DellaVigna, Stefano and Lindner, Attila and Reizer, Bal{\'a}zs and Schmieder, Johannes F},
  title     = {Reference-dependent job search: Evidence from Hungary},
  journal   = {The Quarterly Journal of Economics},
  year      = {2017},
  volume    = {132},
  number    = {4},
  pages     = {1969--2018},
  publisher = {Oxford University Press},
}

@Article{Plott2005,
  author  = {Plott, Charles R. and Zeiler, Kathryn},
  title   = {{The Willingness to Pay -- Willingness to Accept Gap, the ``Endowment Effect," Subject Misconceptions, and Experimental Procedures for Eliciting Valuations}},
  journal = {American Economic Review},
  year    = {2005},
  volume  = {95},
  number  = {3},
  pages   = {530--545},
}

@Article{Plott2007,
  author  = {Plott, Charles R. and Zeiler, Kathryn},
  title   = {{Exchange Asymmetries Incorrectly Interpreted as Evidence of Endowment Effect Theory and Prospect Theory?}},
  journal = {American Economic Review},
  year    = {2007},
  volume  = {97},
  number  = {4},
  pages   = {1449--1466},
}

@Article{knetsch1989,
  author  = {Knetsch, Jack L},
  title   = {The endowment effect and evidence of nonreversible indifference curves},
  journal = {American economic review},
  year    = {1989},
  volume  = {79},
  number  = {5},
  pages   = {1277--1284},
}

@Article{list2011,
  author  = {List, John A},
  title   = {Does market experience eliminate market anomalies? The case of exogenous market experience},
  journal = {American Economic Review},
  year    = {2011},
  volume  = {101},
  number  = {3},
  pages   = {313--17},
}

@Article{Haggag2016,
  author  = {Haggag, Kareem and Pope, Devin},
  title   = {{Attribution Bias in Economic Decision Making}},
  journal = {mimeo},
  year    = {2016},
}

@TechReport{benjamin2018,
  author      = {Benjamin, Daniel J},
  title       = {Errors in probabilistic reasoning and judgment biases},
  institution = {National Bureau of Economic Research},
  year        = {2018},
}

@Article{zimmermann2018,
  author  = {Zimmermann, Florian},
  title   = {The dynamics of motivated beliefs},
  journal = {American Economic Review},
  year    = {2018},
}

@TechReport{chandrasekhar2018signaling,
  author      = {Chandrasekhar, Arun G and Golub, Benjamin and Yang, He},
  title       = {Signaling, shame, and silence in social learning},
  institution = {National Bureau of Economic Research},
  year        = {2018},
}

@Article{chenShue,
  author    = {Chen, Daniel L and Moskowitz, Tobias J and Shue, Kelly},
  title     = {Decision making under the gambler’s fallacy: Evidence from asylum judges, loan officers, and baseball umpires},
  journal   = {The Quarterly Journal of Economics},
  year      = {2016},
  volume    = {131},
  number    = {3},
  pages     = {1181--1242},
  publisher = {MIT Press},
}

@Article{Badger2007,
  author  = {Badger, Gary and Bickel, Warren K. and Giordano, Louis A. and Jacobs, Eric A. and Loewenstein, George and Marsch, Lisa},
  title   = {{Altered States: The Impact of Immediate Craving on the Valuation of Current and Future Opioids}},
  journal = {Journal of Health Economics},
  year    = {2007},
  volume  = {26},
  pages   = {865--876},
}

@Article{duckworth2007grit,
  author    = {Duckworth, Angela L and Peterson, Christopher and Matthews, Michael D and Kelly, Dennis R},
  title     = {Grit: perseverance and passion for long-term goals.},
  journal   = {Journal of personality and social psychology},
  year      = {2007},
  volume    = {92},
  number    = {6},
  pages     = {1087},
  publisher = {American Psychological Association},
}

@Article{crede2017much,
  author    = {Cred{\'e}, Marcus and Tynan, Michael C and Harms, Peter D},
  title     = {Much ado about grit: A meta-analytic synthesis of the grit literature.},
  journal   = {Journal of Personality and Social Psychology},
  year      = {2017},
  volume    = {113},
  number    = {3},
  pages     = {492},
  publisher = {US: American Psychological Association},
}

@Book{dweck2006mindset,
  title     = {Mindset: The new psychology of success},
  publisher = {Random House Incorporated},
  year      = {2006},
  author    = {Dweck, Carol S},
}

@Article{blackwell2007implicit,
  author    = {Blackwell, Lisa S and Trzesniewski, Kali H and Dweck, Carol Sorich},
  title     = {Implicit theories of intelligence predict achievement across an adolescent transition: A longitudinal study and an intervention},
  journal   = {Child development},
  year      = {2007},
  volume    = {78},
  number    = {1},
  pages     = {246--263},
  publisher = {Wiley Online Library},
}

@Article{Baird2013,
  author  = {Baird, Sarah and de Hoop, Jacobus and Ozler, Berk},
  title   = {{Income shocks and Adolescent Mental Health}},
  journal = {Journal of Human Resources},
  year    = {2013},
  volume  = {48},
  pages   = {370--403},
}

@Article{Chemin2013,
  author = {Chemin, Matthieu and de Laat, Joost and Haushofer, Johannes},
  title  = {{Negative Rainfall Shocks Increase Levels of the Stress Hormone Cortisol Among Poor Farmers in Kenya}},
  year   = {2013},
}

@Article{falkhermle,
  author    = {Falk, Armin and Hermle, Johannes},
  title     = {Relationship of gender differences in preferences to economic development and gender equality},
  journal   = {Science},
  year      = {2018},
  volume    = {362},
  number    = {6412},
  pages     = {eaas9899},
  publisher = {American Association for the Advancement of Science},
}

@Article{Goldin2014,
  author  = {Goldin, Claudia},
  title   = {{A Grand Gender Convergence: Its Last Chapter}},
  journal = {American Economic Review},
  year    = {2014},
  volume  = {104},
  number  = {4},
  pages   = {1091--1119},
}

@Article{Goldin2000,
  author  = {Goldin, Claudia and Rouse, Cecilia},
  title   = {{Orchestrating Inequality: The Impact of ``Blind" Auditions on Female Musicians}},
  journal = {American Economic Review},
  year    = {2000},
  volume  = {90},
  number  = {4},
  pages   = {715--741},
}

@Article{Bertrand2010,
  author  = {Bertrand, Marianne},
  title   = {{New Perspectives on Gender}},
  journal = {Handbook of Labor Economics},
  year    = {2010},
  volume  = {4b},
  pages   = {1545--1592},
}

@Article{Bertrand2015,
 title={Gender identity and relative income within households},
author={Bertrand, Marianne and Kamenica, Emir and Pan, Jessica},
journal={The Quarterly Journal of Economics},
volume={130},
number={2},
pages={571--614},
year={2015},
publisher={MIT Press}
}

@Article{Vesterlund2015,
  author  = {Vesterlund, Lise and Babcock, Linda and Weingart, Laurie},
  title   = {{Breaking the Glass Ceiling with ``No": Gender Differences in Declining Requests for Non-Promotable Tasks}},
  journal = {mimeo},
  year    = {2015},
}

@Article{Niederle2007,
  author  = {Niederle, Muriel and Vesterlund, Lise},
  title   = {{Do Women Shy Away From Competition? Do Men Compete Too Much?}},
  journal = {Quarterly Journal of Economics},
  year    = {2007},
  volume  = {122},
  number  = {3},
  pages   = {1067--1101},
}

@Article{Niederle2011,
  author  = {Niederle, Muriel and Vesterlund, Lise},
  title   = {{Gender and Competition}},
  journal = {Annual Review of Economics},
  year    = {2011},
  volume  = {3},
  pages   = {601--630},
}

@Article{Beaman2012,
  author  = {Beaman, Lori and Duflo, Esther and Pande, Rohini and Topalova, Petia},
  title   = {{Female Leadership Raises Aspirations and Educational Attainment for Girls: A Policy Experiment in India}},
  journal = {Science},
  year    = {2012},
  volume  = {335},
  pages   = {729--758},
}

@Article{Akerlof2000,
  author  = {Akerlof, George and Kranton, Rachel E.},
  title   = {{Economics and Identity}},
  journal = {Quarterly Journal of Economics},
  year    = {2000},
  volume  = {115},
  number  = {3},
  pages   = {715--753},
}

@Article{dean2014credit,
  author  = {Dean, Mark and Sautmann, Anja},
  journal = {Available at SSRN 2423951},
  title   = {Credit constraints and the measurement of time preferences},
  year    = {2014},
}

@TechReport{cassidy2018poor,
  author      = {Cassidy, Rachel},
  institution = {IFS Working Papers},
  title       = {Are the poor so present-biased?},
  year        = {2018},
}

@Article{schilbach2019alcohol,
  author  = {Schilbach, Frank},
  journal = {American economic review},
  title   = {Alcohol and self-control: A field experiment in India},
  year    = {2019},
  number  = {4},
  pages   = {1290--1322},
  volume  = {109},
}

@Article{harris2001dynamic,
  author    = {Harris, Christopher and Laibson, David},
  journal   = {Econometrica},
  title     = {Dynamic choices of hyperbolic consumers},
  year      = {2001},
  number    = {4},
  pages     = {935--957},
  volume    = {69},
  publisher = {Wiley Online Library},
}

@Article{angeletos2001hyperbolic,
  author  = {Angeletos, George-Marios and Laibson, David and Repetto, Andrea and Tobacman, Jeremy and Weinberg, Stephen},
  journal = {Journal of Economic perspectives},
  title   = {The hyperbolic consumption model: Calibration, simulation, and empirical evaluation},
  year    = {2001},
  number  = {3},
  pages   = {47--68},
  volume  = {15},
}

@TechReport{carrera2019preferences,
  author      = {Carrera, Mariana and Royer, Heather and Stehr, Mark and Sydnor, Justin and Taubinsky, Dmitry},
  institution = {National Bureau of Economic Research},
  title       = {How are preferences for commitment revealed?},
  year        = {2019},
}

@Article{lacetera2012heuristic,
  author  = {Lacetera, Nicola and Pope, Devin G and Sydnor, Justin R},
  journal = {American Economic Review},
  title   = {Heuristic thinking and limited attention in the car market},
  year    = {2012},
  number  = {5},
  pages   = {2206--36},
  volume  = {102},
}

@techreport{thaler2019fake,
  title={The “Fake News” Effect: An Experiment on Motivated Reasoning and Trust in News},
  author={Thaler, Michael},
  year={2019},
  institution={Working Paper}
}

@article{bhargava2017choose,
	title={Choose to lose: Health plan choices from a menu with dominated option},
	author={Bhargava, Saurabh and Loewenstein, George and Sydnor, Justin},
	journal={The Quarterly Journal of Economics},
	volume={132},
	number={3},
	pages={1319--1372},
	year={2017},
	publisher={Oxford University Press}
}

@article{abaluck2011choice,
	title={Choice inconsistencies among the elderly: evidence from plan choice in the Medicare Part D program},
	author={Abaluck, Jason and Gruber, Jonathan},
	journal={American Economic Review},
	volume={101},
	number={4},
	pages={1180--1210},
	year={2011}
}

@article{abaluck2016evolving,
	title={Evolving choice inconsistencies in choice of prescription drug insurance},
	author={Abaluck, Jason and Gruber, Jonathan},
	journal={American Economic Review},
	volume={106},
	number={8},
	pages={2145--84},
	year={2016}
}

@techreport{abaluck2020consumers,
	title={What do consumers consider before they choose? Identification from asymmetric demand responses},
	author={Abaluck, Jason and Adams, Abi},
	year={2020},
	institution={National Bureau of Economic Research}
}


@article{iyengar2000choice,
	title={When choice is demotivating: Can one desire too much of a good thing?},
	author={Iyengar, Sheena S and Lepper, Mark R},
	journal={Journal of personality and social psychology},
	volume={79},
	number={6},
	pages={995},
	year={2000},
	publisher={American Psychological Association}
}

@incollection{chandra2019behavioral,
	title={Behavioral economics and health-care markets},
	author={Chandra, Amitabh and Handel, Benjamin and Schwartzstein, Joshua},
	booktitle={Handbook of Behavioral Economics: Applications and Foundations 1},
	volume={2},
	pages={459--502},
	year={2019},
	publisher={Elsevier}
}

@techreport{brot2021behavioral,
	title={The Behavioral Foundations of Default Effects: Theory and Evidence from Medicare Part D},
	author={Brot-Goldberg, Zarek C and Layton, Timothy and Vabson, Boris and Wang, Adelina Yanyue},
	year={2021},
	institution={National Bureau of Economic Research}
}

@article{handel2013adverse,
	title={Adverse selection and inertia in health insurance markets: When nudging hurts},
	author={Handel, Benjamin R},
	journal={American Economic Review},
	volume={103},
	number={7},
	pages={2643--82},
	year={2013}
}


@techreport{abaluck2016improving,
	title={Improving the quality of choices in health insurance markets},
	author={Abaluck, Jason and Gruber, Jonathan},
	year={2016},
	institution={National Bureau of Economic Research}
}

@incollection{ericson2019intertemporal,
	title={Intertemporal choice},
	author={Ericson, Keith Marzilli and Laibson, David},
	booktitle={Handbook of Behavioral Economics: Applications and Foundations 1},
	volume={2},
	pages={1--67},
	year={2019},
	publisher={Elsevier}
}

@article{bursztyn2017acting,
	title={'Acting Wife': Marriage Market Incentives and Labor Market Investments},
	author={Bursztyn, Leonardo and Fujiwara, Thomas and Pallais, Amanda},
	journal={American Economic Review},
	volume={107},
	number={11},
	pages={3288--3319},
	year={2017}
}

@article{bursztyn2020misperceived,
	title={Misperceived social norms: Women working outside the home in saudi arabia},
	author={Bursztyn, Leonardo and Gonz{\'a}lez, Alessandra L and Yanagizawa-Drott, David},
	journal={American economic review},
	volume={110},
	number={10},
	pages={2997--3029},
	year={2020}
}

@article{sarsons2017recognition,
	title={Recognition for group work: Gender differences in academia},
	author={Sarsons, Heather},
	journal={American Economic Review},
	volume={107},
	number={5},
	pages={141--45},
	year={2017}
}

@article{sarsons2017interpreting,
	title={Interpreting signals in the labor market: evidence from medical referrals},
	author={Sarsons, Heather},
	journal={Job Market Paper},
	year={2017}
}


@Comment{jabref-meta: databaseType:bibtex;}
